<?xml version="1.0" encoding="UTF-8"?><collection xmlns="http://www.loc.gov/MARC21/slim"><record><leader>00351nam--2200133-i-4500</leader><controlfield tag="001">000039622</controlfield><controlfield tag="002">20161230</controlfield><controlfield tag="005">20161230201042</controlfield><controlfield tag="008">060222s1000------------r-----000-0-eng-d</controlfield><datafield ind1=" " ind2=" " tag="100"><subfield code="a">Rosie, A.M</subfield></datafield><datafield ind1=" " ind2=" " tag="245"><subfield code="a">Information and communication theory</subfield></datafield><datafield ind1=" " ind2=" " tag="260"><subfield code="a">London, Blackie &amp; Son Ltd., 1966, Xii + 175p</subfield></datafield><datafield ind1=" " ind2=" " tag="490"><subfield code="a">Electronic User Series</subfield></datafield><datafield ind1=" " ind2=" " tag="852"><subfield code="a">24649</subfield></datafield></record></collection>